%% This BibTeX bibliography file was created using BibDesk.
%% http://bibdesk.sourceforge.net/

%% Created for Oliver Kennedy at 2017-08-14 14:55:05 -0400 


%% Saved with string encoding Unicode (UTF-8) 



@inproceedings{yang-icse15,
	Author = {Shengqian Yang and Dacong Yan and Haowei Wu and Yan Wang and Atanas Rountev},
	Booktitle = {International Conference on Software Engineering},
	Date-Added = {2017-08-14 18:55:03 +0000},
	Date-Modified = {2017-08-14 18:55:03 +0000},
	Pages = {89-99},
	Title = {Static Control-Flow Analysis of User-Driven Callbacks in {A}ndroid Applications},
	Year = 2015}

@inproceedings{kul2016ettu,
	Author = {Kul, Gokhan and Luong, Duc and Xie, Ting and Coonan, Patrick and Chandola, Varun and Kennedy, Oliver and Upadhyaya, Shambhu},
	Booktitle = {Proceedings of the 25th International Conference Companion on World Wide Web},
	Organization = {International World Wide Web Conferences Steering Committee},
	Pages = {463--466},
	Title = {Ettu: Analyzing Query Intents in Corporate Databases},
	Year = {2016}}

@article{kul2016similarity,
	Author = {Kul, Gokhan and Luong, Duc and Xie, Ting and Chandola, Varun and Kennedy, Oliver and Upadhyaya, Shambhu},
	Journal = {Published at http://odin.cse.buffalo.edu/papers/2017/EDBT-SummarizingSQL-submitted.pdf},
	Publisher = {{ODINLab at UB}},
	Title = {Towards Effective Log Summarization},
	Year = {2016}}

@inproceedings{makiyama2015text,
	Author = {Makiyama, Vitor Hirota and Raddick, M Jordan and Santos, Rafael DC},
	Booktitle = {SIMBig},
	Title = {Text Mining Applied to {SQL} Queries: A Case Study for the {SDSS SkyServer}},
	Year = {2015}}

@inproceedings{aouiche2006,
	Author = {Aouiche, Kamel and Jouve, Pierre-Emmanuel and Darmont, J{\'e}r\^{o}me},
	Booktitle = {ADBIS},
	Title = {Clustering-based Materialized View Selection in Data Warehouses},
	Year = {2006}}

@article{aligon2014similarity,
	Author = {Aligon, Julien and Golfarelli, Matteo and Marcel, Patrick and Rizzi, Stefano and Turricchia, Elisa},
	Journal = {Knowledge and information systems},
	Publisher = {Springer},
	Title = {Similarity measures for {OLAP} sessions},
	Year = {2014}}

@book{wei2012android,
	Author = {Wei, Jason},
	Publisher = {Packt Publishing Ltd},
	Title = {Android database programming},
	Year = {2012}}

@book{allen2010sqlite,
	Author = {Grant Allen and Mike Owens},
	Publisher = {Springer},
	Title = {The definitive guide to {SQLite}},
	Year = {2010}}

@article{council2008tpch,
	Author = {{Transaction Processing Performance Council}},
	Journal = {Published at http://www.tpc.org/tpch/},
	Title = {{TPC-H} benchmark specification},
	Year = {2008}}

@article{council2010tpcc,
	Author = {{Transaction Processing Performance Council}},
	Journal = {Published at http://www.tpc.org/tpcc/},
	Title = {{TPC-C} benchmark specification, v5.11},
	Year = {2010}}

@article{council2017tpcds,
	Author = {{Transaction Processing Performance Council}},
	Journal = {Published at http://www.tpc.org/tpcds/},
	Title = {{TPC-DS} benchmark specification, v2.5},
	Year = {2017}}

@article{council2017tpcxiot,
	Author = {{Transaction Processing Performance Council}},
	Journal = {Published at http://www.tpc.org/tpcx-iot/},
	Title = {{TPCx-IoT} benchmark specification draft, v1.5},
	Year = {2017}}

@article{osdb2004,
	Author = {{Open Source}},
	Journal = {Published at http://osdb.sourceforge.net},
	Title = {Open Source Database Benchmark {OSDB} specification, v0.17},
	Year = {2004}}

@article{oracle9i,
	Author = {{Oracle Corporation}},
	Journal = {Published at https://docs.oracle.com/},
	Title = {Oracle 9iAS TopLink Foundation Library Guide: Understanding Database Sessions},
	Year = {2002}}

@article{darmont2005dweb,
	Author = {Darmont, J{\'e}r{\^o}me and Bentayeb, Fadila and Boussa{\"\i}d, Omar},
	Journal = {Data Warehousing and Knowledge Discovery},
	Pages = {85--94},
	Publisher = {Springer},
	Title = {Dweb: A data warehouse engineering benchmark},
	Year = {2005}}

@inproceedings{cooper2010YCSB,
	Author = {Brian F. Cooper and Adam Silberstein and Erwin Tam and Raghu Ramakrishnan and Russell Sears},
	Booktitle = {SOCC},
	Title = {Benchmarking cloud serving systems with YCSB},
	Year = {2010}}

@article{sabbir2009mobigen,
	Author = {Ahmed Sabbir},
	Journal = {http://arrow.monash.edu.au/hdl/1959.1/109933},
	Title = {MobiGen : a mobility generator for environment aware mobility model},
	Year = {2009}}

@book{gray1992benchmark,
	Author = {Gray, Jim},
	Publisher = {Morgan Kaufmann Publishers Inc.},
	Title = {Benchmark handbook: for database and transaction processing systems},
	Year = {1992}}

@article{liu2014application,
	Author = {Liu, Duo and Wang, Tianzheng and Wang, Yi and Shao, Zili and Zhuge, Qingfeng and Sha, Edwin H-M},
	Journal = {IEEE Transactions on Computer-Aided Design of Integrated Circuits and Systems},
	Number = {10},
	Pages = {1450--1462},
	Publisher = {IEEE},
	Title = {Application-specific wear leveling for extending lifetime of phase change memory in embedded systems},
	Volume = {33},
	Year = {2014}}

@article{phonelab,
	Acmid = {2904350},
	Address = {New York, NY, USA},
	Author = {Shi, Jinghao and Santos, Edwin and Challen, Geoffrey},
	Doi = {10.1145/2904337.2904350},
	Issn = {2375-0529},
	Issue_Date = {October 2015},
	Journal = {GetMobile: Mobile Comp. and Comm.},
	Month = mar,
	Number = {4},
	Numpages = {7},
	Pages = {32--38},
	Publisher = {ACM},
	Title = {Why and How to Use Phonelab},
	Url = {http://doi.acm.org/10.1145/2904337.2904350},
	Volume = {19},
	Year = {2016},
	Bdsk-Url-1 = {http://doi.acm.org/10.1145/2904337.2904350},
	Bdsk-Url-2 = {http://dx.doi.org/10.1145/2904337.2904350}}

@article{gillette2013blackberryfailure,
	Author = {Gillette, Felix and Brady, Diane and Winter, Caroline},
	Journal = {Bloomberg Business Week. Bloomberg},
	Title = {The Rise and Fall of BlackBerry: An Oral History},
	Volume = {5},
	Year = {2013}}

@article{ali2013microsoft,
	Author = {Ali-Yrkk{\"o}, Jyrki and Kalm, Matias and Pajarinen, Mika and Rouvinen, Petri and Sepp{\"a}l{\"a}, Timo and Tahvanainen, Antti-Jussi and others},
	Journal = {ETLA Brief},
	Number = {3},
	Publisher = {The Research Institute of the Finnish Economy},
	Title = {Microsoft Acquires Nokia: Implications for the Two Companies and Finland},
	Volume = {16},
	Year = {2013}}

@article{jadalla2008pde4java,
	Author = {Jadalla, Ameera and Elnagar, Ashraf},
	Journal = {International Journal of Business Intelligence and Data Mining},
	Number = {2},
	Pages = {121--135},
	Publisher = {Inderscience Publishers},
	Title = {PDE4Java: Plagiarism Detection Engine for Java source code: a clustering approach},
	Volume = {3},
	Year = {2008}}

@article{xu2005survey,
	Author = {Xu, Rui and Wunsch, Donald and others},
	Journal = {Neural Networks, IEEE Transactions on},
	Number = {3},
	Pages = {645--678},
	Publisher = {Ieee},
	Title = {Survey of clustering algorithms},
	Volume = {16},
	Year = {2005}}

@incollection{kim2012androbench,
	Author = {Kim, Je-Min and Kim, Jin-Soo},
	Booktitle = {Frontiers in Computer Education},
	Pages = {667--674},
	Publisher = {Springer},
	Title = {Androbench: Benchmarking the storage performance of android-based mobile devices},
	Year = {2012}}

@inproceedings{fuglede2004jensen,
	Author = {Fuglede, Bent and Topsoe, Flemming},
	Booktitle = {ISIT},
	Organization = {IEEE},
	Title = {Jensen-Shannon divergence and Hilbert space embedding},
	Year = {2004}}

@article{huang2006,
	Author = {Huang, Xiangji and Yao, Qingsong and An, Aijun},
	Doi = {10.1007/s10115-006-0015-9},
	Journal = {Knowledge and Information Systems},
	Title = {Applying language modeling to session identification from database trace logs},
	Url = {https://doi.org/10.1007/s10115-006-0015-9},
	Year = {2006},
	Bdsk-Url-1 = {https://doi.org/10.1007/s10115-006-0015-9},
	Bdsk-Url-2 = {http://dx.doi.org/10.1007/s10115-006-0015-9}}

@article{huang2004dynamic,
	Author = {Huang, Xiangji and Peng, Fuchun and An, Aijun and Schuurmans, Dale},
	Journal = {Journal of the Association for Information Science and Technology},
	Number = {14},
	Pages = {1290--1303},
	Publisher = {Wiley Online Library},
	Title = {Dynamic web log session identification with statistical language models},
	Volume = {55},
	Year = {2004}}

@inproceedings{jones2008,
	Author = {Jones, Rosie and Klinkner, Kristina Lisa},
	Booktitle = {CIKM},
	Doi = {10.1145/1458082.1458176},
	Title = {Beyond the Session Timeout: Automatic Hierarchical Segmentation of Search Topics in Query Logs},
	Url = {http://doi.acm.org/10.1145/1458082.1458176},
	Year = {2008},
	Bdsk-Url-1 = {http://doi.acm.org/10.1145/1458082.1458176},
	Bdsk-Url-2 = {http://dx.doi.org/10.1145/1458082.1458176}}

@inproceedings{hagen2011,
	Author = {Hagen, Matthias and Stein, Benno and R\"{u}b, Tino},
	Booktitle = {CIKM},
	Doi = {10.1145/2063576.2063602},
	Title = {Query Session Detection As a Cascade},
	Url = {http://doi.acm.org/10.1145/2063576.2063602},
	Year = {2011},
	Bdsk-Url-1 = {http://doi.acm.org/10.1145/2063576.2063602},
	Bdsk-Url-2 = {http://dx.doi.org/10.1145/2063576.2063602}}
	
@article{kullback1951information,
  title={On information and sufficiency},
  author={Kullback, Solomon and Leibler, Richard A},
  journal={The annals of mathematical statistics},
  volume={22},
  number={1},
  pages={79--86},
  year={1951},
  publisher={JSTOR}
}
